<?xml version="1.0" encoding="UTF-8"?><collection xmlns="http://www.loc.gov/MARC21/slim"><record><leader>00451nam--2200169-i-4500</leader><controlfield tag="001">000046281</controlfield><controlfield tag="002">20161230</controlfield><controlfield tag="005">20170306185609</controlfield><controlfield tag="008">060222s1000------------r-----000-0-eng-d</controlfield><datafield ind1=" " ind2=" " tag="040"><subfield code="a">IFIN-HH</subfield></datafield><datafield ind1=" " ind2=" " tag="080"><subfield code="a">541.12.547</subfield></datafield><datafield ind1="1" ind2=" " tag="100"><subfield code="a">Gray, G. W</subfield></datafield><datafield ind1="1" ind2="0" tag="245"><subfield code="a">Molecular structure and the properties of liquid crystals</subfield><subfield code="c">G.W. Gray</subfield></datafield><datafield ind1=" " ind2=" " tag="260"><subfield code="a">London</subfield><subfield code="b">Academic Press</subfield><subfield code="c">1962</subfield></datafield><datafield ind1=" " ind2=" " tag="300"><subfield code="a">XV + 473 p</subfield></datafield><datafield ind1=" " ind2=" " tag="852"><subfield code="a">17725</subfield><subfield code="c">539.2</subfield></datafield><datafield ind1=" " ind2=" " tag="CAT"><subfield code="a">SYS</subfield><subfield code="c">20170306</subfield><subfield code="h">185609</subfield></datafield></record></collection>